<record><leader>00000cas a22000007a 4500</leader><controlfield tag="001">10066781</controlfield><controlfield tag="008">831028c1uuu9999iluwr ne      0   a0eng d</controlfield><datafield ind1=" " ind2=" " tag="010"><subfield code="a">sn 83003320 </subfield></datafield><datafield ind1=" " ind2=" " tag="040"><subfield code="a">NSD</subfield><subfield code="b">eng</subfield><subfield code="c">NSD</subfield><subfield code="d">OCLCQ</subfield></datafield><datafield ind1=" " ind2=" " tag="012"><subfield code="m">1</subfield></datafield><datafield ind1="1" ind2=" " tag="022"><subfield code="a">0746-4940</subfield><subfield code="l">0746-4940</subfield><subfield code="2">1</subfield></datafield><datafield ind1="1" ind2=" " tag="029"><subfield code="a">AU@</subfield><subfield code="b">000045258834</subfield></datafield><datafield ind1=" " ind2=" " tag="032"><subfield code="a">209300</subfield><subfield code="b">USPS</subfield></datafield><datafield ind1=" " ind2=" " tag="037"><subfield code="b">Tri-County Today, P.O. Box 72, Sandwich, IL 60560</subfield></datafield><datafield ind1=" " ind2=" " tag="042"><subfield code="a">nsdp</subfield></datafield><datafield ind1="0" ind2=" " tag="130"><subfield code="a">Today (Sandwich, Ill.)</subfield></datafield><datafield ind1=" " ind2="0" tag="222"><subfield code="a">Today</subfield><subfield code="b">(Sandwich, Ill.)</subfield></datafield><datafield ind1="1" ind2="0" tag="245"><subfield code="a">Today.</subfield></datafield><datafield ind1="1" ind2="3" tag="246"><subfield code="a">Tri county today</subfield></datafield><datafield ind1=" " ind2=" " tag="260"><subfield code="a">[Sandwich. Ill. :</subfield><subfield code="b">S.n.]</subfield></datafield><datafield ind1=" " ind2=" " tag="310"><subfield code="a">Weekly</subfield></datafield><datafield ind1=" " ind2=" " tag="588"><subfield code="a">Description based on: 1983, issue 42 (Wednesday, Oct. 19, 1983).</subfield></datafield><datafield ind1=" " ind2=" " tag="752"><subfield code="a">United States</subfield><subfield code="b">Illinois</subfield><subfield code="c">De Kalb</subfield><subfield code="d">Sandwich.</subfield></datafield><datafield ind1=" " ind2=" " tag="752"><subfield code="a">United States</subfield><subfield code="b">Illinois</subfield><subfield code="c">Kendall</subfield><subfield code="d">Sandwich.</subfield></datafield><datafield ind1=" " ind2=" " tag="936"><subfield code="a">Oct. 19, 1983</subfield></datafield></record>